<?xml version="1.0" encoding="UTF-8"?><record xmlns="http://www.loc.gov/MARC21/slim" xmlns:cinclude="http://apache.org/cocoon/include/1.0" xmlns:zs="http://www.loc.gov/zing/srw/">
  <leader>00583cz  a2200169n  4500</leader>
  <controlfield tag="001">n  97010876 </controlfield>
  <controlfield tag="003">DLC</controlfield>
  <controlfield tag="005">19980202105400.0</controlfield>
  <controlfield tag="008">970131n| acannaab|          |a ana |||  </controlfield>
  <datafield tag="010" ind1=" " ind2=" ">
    <subfield code="a">n  97010876 </subfield>
    <subfield code="z">no 98032138 </subfield>
    <subfield code="z">no 97067020 </subfield>
  </datafield>
  <datafield tag="040" ind1=" " ind2=" ">
    <subfield code="a">DLC</subfield>
    <subfield code="c">DLC</subfield>
    <subfield code="d">DLC</subfield>
  </datafield>
  <datafield tag="110" ind1="2" ind2="0">
    <subfield code="a">Sombra (Musical group)</subfield>
  </datafield>
  <datafield tag="410" ind1="2" ind2="0">
    <subfield code="a">Grupo la Sombra</subfield>
  </datafield>
  <datafield tag="410" ind1="2" ind2="0">
    <subfield code="a">Sombra de Tony Guerrero</subfield>
  </datafield>
  <datafield tag="410" ind1="2" ind2="0">
    <subfield code="a">La Sombra (Musical group)</subfield>
  </datafield>
  <datafield tag="670" ind1=" " ind2=" ">
    <subfield code="a">Eres tu-- muchachita, 1985:</subfield>
    <subfield code="b">label (Sombra)</subfield>
  </datafield>
  <datafield tag="670" ind1=" " ind2=" ">
    <subfield code="a">LC database, Feb. 2, 1998</subfield>
    <subfield code="b">(MLC hdg.: Grupo la Sombra; usage: La Sombra, Grupo la Sombra; La Sombra de Tony Guerrero)</subfield>
  </datafield>
</record>